@article{demiguel2009optimal,
  title={Optimal versus naive diversification: How inefficient is the 1/N portfolio strategy?},
  author={DeMiguel, Victor and Garlappi, Lorenzo and Uppal, Raman},
  journal={The review of Financial studies},
  volume={22},
  number={5},
  pages={1915--1953},
  year={2009},
  publisher={Oxford University Press}
}

@article{fama1992cross,
  title={The cross-section of expected stock returns},
  author={Fama, Eugene F and French, Kenneth R},
  journal={the Journal of Finance},
  volume={47},
  number={2},
  pages={427--465},
  year={1992},
  publisher={Wiley Online Library}
}

@article{balduzzi2008mimicking,
  title={Mimicking portfolios, economic risk premia, and tests of multi-beta models},
  author={Balduzzi, Pierluigi and Robotti, Cesare},
  journal={Journal of Business \& Economic Statistics},
  volume={26},
  number={3},
  pages={354--368},
  year={2008},
  publisher={Taylor \& Francis}
}

@article{hansen1997assessing,
  title={Assessing specification errors in stochastic discount factor models},
  author={Hansen, Lars Peter and Jagannathan, Ravi},
  journal={The Journal of Finance},
  volume={52},
  number={2},
  pages={557--590},
  year={1997},
  publisher={Wiley Online Library}
}